<record><leader>00000cas a2200000 a 4500</leader><controlfield tag="001">8807470</controlfield><controlfield tag="008">820925d183u1866fluir ne      0    0eng  </controlfield><datafield ind1=" " ind2=" " tag="010"><subfield code="a">sn 82014066 </subfield></datafield><datafield ind1=" " ind2=" " tag="040"><subfield code="a">DLC</subfield><subfield code="b">eng</subfield><subfield code="c">DLC</subfield><subfield code="d">NPX</subfield><subfield code="d">NPY</subfield><subfield code="d">DLC</subfield><subfield code="d">NLG</subfield><subfield code="d">FUG</subfield><subfield code="d">DLC</subfield><subfield code="d">OCL</subfield><subfield code="d">OCLCQ</subfield><subfield code="d">DLC</subfield><subfield code="d">OCLCO</subfield><subfield code="d">OCLCQ</subfield><subfield code="d">OCLCF</subfield></datafield><datafield ind1=" " ind2=" " tag="012"><subfield code="i">9512</subfield></datafield><datafield ind1="1" ind2=" " tag="029"><subfield code="a">AU@</subfield><subfield code="b">000026234818</subfield></datafield><datafield ind1=" " ind2=" " tag="042"><subfield code="a">pcc</subfield></datafield><datafield ind1=" " ind2=" " tag="043"><subfield code="a">n-us-fl</subfield></datafield><datafield ind1="0" ind2="0" tag="050"><subfield code="a">Newspaper</subfield></datafield><datafield ind1="0" ind2="4" tag="082"><subfield code="a">130</subfield></datafield><datafield ind1="0" ind2=" " tag="130"><subfield code="a">Florida sentinel (Tallahassee, Fla.)</subfield></datafield><datafield ind1="1" ind2="4" tag="245"><subfield code="a">The Florida sentinel.</subfield></datafield><datafield ind1="1" ind2="3" tag="246"><subfield code="a">Sentinel</subfield></datafield><datafield ind1=" " ind2=" " tag="260"><subfield code="a">Tallahassee [Fla.] :</subfield><subfield code="b">Knowles, Clisby &amp; Smith,</subfield><subfield code="c">-1866.</subfield></datafield><datafield ind1=" " ind2=" " tag="300"><subfield code="a">v. :</subfield><subfield code="b">ill. (chiefly advertisements) ;</subfield><subfield code="c">59 cm.</subfield></datafield><datafield ind1=" " ind2=" " tag="310"><subfield code="a">Triweekly,</subfield><subfield code="b">-1866</subfield></datafield><datafield ind1=" " ind2=" " tag="321"><subfield code="a">Weekly,</subfield><subfield code="b">&lt;1841-1863&gt;</subfield></datafield><datafield ind1="0" ind2=" " tag="362"><subfield code="a">-v. 1, no. 88 (May 19, 1866).</subfield></datafield><datafield ind1=" " ind2=" " tag="500"><subfield code="a">"Whig" &lt;1842&gt;.</subfield></datafield><datafield ind1=" " ind2=" " tag="500"><subfield code="a">"In God is our trust" &lt;1856&gt;.</subfield></datafield><datafield ind1=" " ind2=" " tag="500"><subfield code="a">Editor: J. Clisby, &lt;1843&gt;.</subfield></datafield><datafield ind1=" " ind2=" " tag="500"><subfield code="a">Publishers: Knowles, Clisby &amp; Smith, 1841; J. Knowles, 1841-1843; J. Clisby, 1843-&lt;1848&gt;; Benjamin F. Allen, &lt;1856-1858&gt;; Edwin A. Hart, &lt;1860-1863&gt;; Hart &amp; Shober, &lt;1866&gt;; W.A. Shober, 1866; Shober &amp; Oliver, 1866.</subfield></datafield><datafield ind1=" " ind2=" " tag="515"><subfield code="a">Suspended 1863-1865.</subfield></datafield><datafield ind1=" " ind2=" " tag="515"><subfield code="a">Numbering begins anew in 1865.</subfield></datafield><datafield ind1=" " ind2=" " tag="515"><subfield code="a">Issues for May 21, 1841-Mar. 9, 1858 called also: whole no. 78-947.</subfield></datafield><datafield ind1=" " ind2=" " tag="530"><subfield code="a">Also issued on microfilm from the Library of Congress, Photoduplication Service.</subfield></datafield><datafield ind1=" " ind2=" " tag="588"><subfield code="a">Description based on: Vol. 2, no. 26 (May 21, 1841).</subfield></datafield><datafield ind1=" " ind2="0" tag="651"><subfield code="a">Tallahassee (Fla.)</subfield><subfield code="v">Newspapers.</subfield></datafield><datafield ind1=" " ind2="0" tag="651"><subfield code="a">Leon County (Fla.)</subfield><subfield code="v">Newspapers.</subfield></datafield><datafield ind1=" " ind2="7" tag="655"><subfield code="a">Newspapers.</subfield><subfield code="2">fast</subfield><subfield code="0">(OCoLC)fst01423814</subfield></datafield><datafield ind1=" " ind2="7" tag="651"><subfield code="a">Florida</subfield><subfield code="z">Leon County.</subfield><subfield code="2">fast</subfield><subfield code="0">(OCoLC)fst01206533</subfield></datafield><datafield ind1=" " ind2="7" tag="651"><subfield code="a">Florida</subfield><subfield code="z">Tallahassee.</subfield><subfield code="2">fast</subfield><subfield code="0">(OCoLC)fst01206534</subfield></datafield><datafield ind1=" " ind2=" " tag="752"><subfield code="a">United States</subfield><subfield code="b">Florida</subfield><subfield code="c">Leon</subfield><subfield code="d">Tallahassee.</subfield></datafield><datafield ind1="0" ind2="0" tag="780"><subfield code="t">Quincy sentinel</subfield><subfield code="w">(DLC)sn 82015192</subfield><subfield code="w">(OCoLC)1443071</subfield></datafield><datafield ind1="0" ind2="0" tag="785"><subfield code="t">Florida tri-weekly sentinel</subfield><subfield code="w">(DLC)sn 84027577</subfield><subfield code="w">(OCoLC)11286536</subfield></datafield><datafield ind1=" " ind2=" " tag="850"><subfield code="a">FU</subfield></datafield></record>